<?xml version="1.0" encoding="UTF-8"?><record xmlns="http://www.loc.gov/MARC21/slim" xmlns:cinclude="http://apache.org/cocoon/include/1.0" xmlns:zs="http://www.loc.gov/zing/srw/">
  <leader>00544nz  a2200133n  4500</leader>
  <controlfield tag="001">no2003121591</controlfield>
  <controlfield tag="003">DLC</controlfield>
  <controlfield tag="005">20031204071052.0</controlfield>
  <controlfield tag="008">031203n| acannaabn          |n aaa     c</controlfield>
  <datafield tag="010" ind1=" " ind2=" ">
    <subfield code="a">no2003121591</subfield>
  </datafield>
  <datafield tag="035" ind1=" " ind2=" ">
    <subfield code="a">(OCoLC)oca06218977</subfield>
  </datafield>
  <datafield tag="040" ind1=" " ind2=" ">
    <subfield code="a">CLU</subfield>
    <subfield code="b">eng</subfield>
    <subfield code="c">CLU</subfield>
  </datafield>
  <datafield tag="100" ind1="1" ind2=" ">
    <subfield code="a">Hancock, Claire</subfield>
  </datafield>
  <datafield tag="670" ind1=" " ind2=" ">
    <subfield code="a">Paris et Londres au XIXe siècle, c2003:</subfield>
    <subfield code="b">t.p. (Claire Hancock) p. 4 of cover (doctorate in geography; assistant professor at the Université Paris XII-Val-de-Marne; member of research group ATIR (Acteur territoires inégalités représentations))</subfield>
  </datafield>
</record>